{
  "leader": "03421cam a2200445Ia 4500",
  "fields": [
    {
      "001": "ocn947033720"
    },
    {
      "003": "OCoLC"
    },
    {
      "005": "20220103094711.0"
    },
    {
      "008": "100715s2009\\\\\\\\nyua\\\\\\e\\\\\\\\\\\\000\\0\\eng\\d"
    },
    {
      "010": {
        "ind1": "\\",
        "ind2": "\\",
        "subfields": [
          {
            "a": "  2008050080"
          }
        ]
      }
    },
    {
      "040": {
        "ind1": "\\",
        "ind2": "\\",
        "subfields": [
          {
            "a": "EC2"
          },
          {
            "b": "eng"
          },
          {
            "c": "EC2"
          },
          {
            "d": "O2C"
          },
          {
            "d": "OCLCO"
          },
          {
            "d": "OCLCF"
          },
          {
            "d": "GKX"
          },
          {
            "d": "CNGUL"
          },
          {
            "d": "LAL"
          },
          {
            "d": "NZAUC"
          },
          {
            "d": "D8D"
          },
          {
            "d": "XFG"
          },
          {
            "d": "GRR"
          },
          {
            "d": "IMD"
          },
          {
            "d": "AL5CW"
          },
          {
            "d": "KPLCP"
          },
          {
            "d": "CNWLU"
          },
          {
            "d": "IOU"
          },
          {
            "d": "CCP"
          },
          {
            "d": "G3T"
          },
          {
            "d": "SFR"
          },
          {
            "d": "CNKAP"
          },
          {
            "d": "MVQ"
          },
          {
            "d": "MVI"
          },
          {
            "d": "HL2"
          },
          {
            "d": "ILM"
          },
          {
            "d": "SAV"
          },
          {
            "d": "OCLCQ"
          },
          {
            "d": "RB0"
          },
          {
            "d": "LSD"
          },
          {
            "d": "T7F"
          },
          {
            "d": "LKC"
          },
          {
            "d": "GRC"
          },
          {
            "d": "WRS"
          },
          {
            "d": "TAW"
          },
          {
            "d": "IOS"
          },
          {
            "d": "OCLCQ"
          },
          {
            "d": "QQ3"
          },
          {
            "d": "FSP"
          },
          {
            "d": "BRL"
          },
          {
            "d": "WRM"
          },
          {
            "d": "QNC"
          },
          {
            "d": "UOK"
          },
          {
            "d": "EYB"
          },
          {
            "d": "XZ9"
          },
          {
            "d": "HCO"
          },
          {
            "d": "SPP"
          },
          {
            "d": "NTG"
          },
          {
            "d": "INT"
          },
          {
            "d": "KOTUI"
          },
          {
            "d": "W{dollar}G"
          },
          {
            "d": "MLSOD"
          },
          {
            "d": "MLM"
          },
          {
            "d": "LMJ"
          },
          {
            "d": "MQS"
          },
          {
            "d": "LIQ"
          },
          {
            "d": "SDG"
          },
          {
            "d": "DWP"
          },
          {
            "d": "ALD"
          },
          {
            "d": "CMI"
          },
          {
            "d": "N8V"
          },
          {
            "d": "WXW"
          },
          {
            "d": "JCH"
          },
          {
            "d": "Z#6"
          },
          {
            "d": "DYJ"
          }
        ]
      }
    },
    {
      "066": {
        "ind1": "\\",
        "ind2": "\\",
        "subfields": [
          {
            "c": "{dollar}1"
          }
        ]
      }
    },
    {
      "020": {
        "ind1": "\\",
        "ind2": "\\",
        "subfields": [
          {
            "a": "9780385527026"
          }
        ]
      }
    },
    {
      "020": {
        "ind1": "\\",
        "ind2": "\\",
        "subfields": [
          {
            "a": "0385527020"
          }
        ]
      }
    },
    {
      "020": {
        "ind1": "\\",
        "ind2": "\\",
        "subfields": [
          {
            "a": "9780385527019"
          }
        ]
      }
    },
    {
      "020": {
        "ind1": "\\",
        "ind2": "\\",
        "subfields": [
          {
            "a": "0385527012"
          }
        ]
      }
    },
    {
      "035": {
        "ind1": "\\",
        "ind2": "\\",
        "subfields": [
          {
            "a": "(OCoLC)947033720"
          }
        ]
      }
    },
    {
      "037": {
        "ind1": "\\",
        "ind2": "\\",
        "subfields": [
          {
            "b": "Bantam Dell Pub Group, Customer Service 400 Hahn Rdrd, Westminster, MD, USA, 21157"
          },
          {
            "n": "SAN 201-3975"
          }
        ]
      }
    },
    {
      "050": {
        "ind1": "0",
        "ind2": "0",
        "subfields": [
          {
            "a": "HN49.V64"
          },
          {
            "b": "G38 2009"
          }
        ]
      }
    },
    {
      "082": {
        "ind1": "0",
        "ind2": "0",
        "subfields": [
          {
            "a": "179.9"
          },
          {
            "b": "GAT"
          }
        ]
      }
    },
    {
      "100": {
        "ind1": "1",
        "ind2": "\\",
        "subfields": [
          {
            "a": "Gates, Bill Sr."
          }
        ]
      }
    },
    {
      "245": {
        "ind1": "1",
        "ind2": "0",
        "subfields": [
          {
            "a": "Showing up for life :"
          },
          {
            "b": "thoughts on the gifts of a lifetime /"
          },
          {
            "c": "Bill Gates Sr. with Mary Ann Mackin."
          }
        ]
      }
    },
    {
      "260": {
        "ind1": "\\",
        "ind2": "\\",
        "subfields": [
          {
            "a": "New York :"
          },
          {
            "b": "Broadway Books,"
          },
          {
            "c": "2009."
          }
        ]
      }
    },
    {
      "300": {
        "ind1": "\\",
        "ind2": "\\",
        "subfields": [
          {
            "a": "192 pgs :"
          },
          {
            "b": "illustrations ;"
          },
          {
            "c": "20 cm"
          }
        ]
      }
    },
    {
      "336": {
        "ind1": "\\",
        "ind2": "\\",
        "subfields": [
          {
            "a": "text"
          },
          {
            "b": "txt"
          },
          {
            "2": "rdacontent"
          }
        ]
      }
    },
    {
      "337": {
        "ind1": "\\",
        "ind2": "\\",
        "subfields": [
          {
            "a": "unmediated"
          },
          {
            "b": "n"
          },
          {
            "2": "rdamedia"
          }
        ]
      }
    },
    {
      "338": {
        "ind1": "\\",
        "ind2": "\\",
        "subfields": [
          {
            "a": "volume"
          },
          {
            "b": "nc"
          },
          {
            "2": "rdacarrier"
          }
        ]
      }
    },
    {
      "520": {
        "ind1": "\\",
        "ind2": "\\",
        "subfields": [
          {
            "a": "The father of one of the most successful businessmen in history conveys the values and principles he has learned in life, has instilled in his children, and which he now practices on a world stage as the co-chair of the Bill and Melinda Gates Foundation."
          }
        ]
      }
    },
    {
      "505": {
        "ind1": "0",
        "ind2": "\\",
        "subfields": [
          {
            "a": "Foreword / Bill Gates, Jr. -- Some second thoughts about thinking -- Showing up for life -- Hard work -- Radical generosity -- Open-mindedness -- Getting along -- Speaking out -- Learning how to lose -- Honoring a confidence -- Finding meaning in your work -- Thinking tall -- Showing up for your family -- Sharing your gifts with others -- Connecting people -- Creating the change you'd like to see happen -- A habit passed down -- Celebrating life -- Mary's wedding toast -- Making your life your message -- Never forget to ask \"Is it right?\" -- The power of one -- Things I learned from my children -- The enduring campfires of Cheerio -- The rites and riches of lasting friendships -- Learning begins at birth -- Marry well (again) -- Grandparents -- A lesson on leadership -- America at risk -- Four-letter words -- Getting off the sidelines -- Government of the people, by the people, FOR the people -- The older you grow the taller you get -- An expression of gratitude -- Traditions: making memories -- Getting everybody dancing -- Empowering women -- When the benefits of neighboring come full circle -- Portraits of courage -- Africa, we see you -- Walking with giants -- The people you meet showing up -- A master citizen -- There's no problem bigger than we are -- These numbers are our neighbors -- Public will -- How a hole in the fence led a boy from poverty to poetry -- A place to start"
          }
        ]
      }
    },
    {
      "650": {
        "ind1": "\\",
        "ind2": "0",
        "subfields": [
          {
            "a": "Voluntarism."
          }
        ]
      }
    },
    {
      "650": {
        "ind1": "\\",
        "ind2": "0",
        "subfields": [
          {
            "a": "Problem solving."
          }
        ]
      }
    },
    {
      "650": {
        "ind1": "\\",
        "ind2": "0",
        "subfields": [
          {
            "a": "Generosity."
          }
        ]
      }
    },
    {
      "650": {
        "ind1": "\\",
        "ind2": "7",
        "subfields": [
          {
            "a": "Generosity."
          },
          {
            "2": "fast"
          },
          {
            "0": "(OCoLC)fst00939983"
          }
        ]
      }
    },
    {
      "650": {
        "ind1": "\\",
        "ind2": "7",
        "subfields": [
          {
            "a": "Problem solving."
          },
          {
            "2": "fast"
          },
          {
            "0": "(OCoLC)fst01077890"
          }
        ]
      }
    },
    {
      "650": {
        "ind1": "\\",
        "ind2": "7",
        "subfields": [
          {
            "a": "Voluntarism."
          },
          {
            "2": "fast"
          },
          {
            "0": "(OCoLC)fst01168976"
          }
        ]
      }
    },
    {
      "700": {
        "ind1": "1",
        "ind2": "\\",
        "subfields": [
          {
            "a": "Mackin, Mary Ann."
          }
        ]
      }
    },
    {
      "880": {
        "ind1": "\\",
        "ind2": "\\",
        "subfields": [
          {
            "6": "500-00"
          },
          {
            "a": "\u5176\u4ed6\u9898\u540d:thoughts on the gifts of a lifetime."
          }
        ]
      }
    },
    {
      "994": {
        "ind1": "\\",
        "ind2": "\\",
        "subfields": [
          {
            "a": "Z0"
          },
          {
            "b": "NYRVC"
          }
        ]
      }
    },
    {
      "948": {
        "ind1": "\\",
        "ind2": "\\",
        "subfields": [
          {
            "h": "NO HOLDINGS IN NYRVC - 70 OTHER HOLDINGS"
          }
        ]
      }
    },
    {
      "999": {
        "ind1": "\\",
        "ind2": "\\",
        "subfields": [
          {
            "a": "00000000018427"
          }
        ]
      }
    }
  ]
}